<record xmlns="http://www.loc.gov/MARC21/slim" xmlns:xsi="http://www.w3.org/2001/XMLSchema-instance" xsi:schemaLocation="http://www.loc.gov/MARC21/slim http://www.loc.gov/standards/marcxml/schema/MARC21slim.xsd"><leader>01532nam a2200301   4500</leader><controlfield tag="001">3071582</controlfield><controlfield tag="003">NNC</controlfield><controlfield tag="006">m        d        </controlfield><controlfield tag="007">cr cn |||m|||a</controlfield><controlfield tag="008">150223m19321933ua      o     000 0 ara d</controlfield><datafield ind1=" " ind2=" " tag="040"><subfield code="a">NNU</subfield><subfield code="b">eng</subfield><subfield code="c">NNU</subfield></datafield><datafield ind1="1" ind2=" " tag="100"><subfield code="6">880-01</subfield><subfield code="a">&#699;Afi&#772;fi&#772;, &#699;Abd Alla&#772;h.</subfield></datafield><datafield ind1="1" ind2="3" tag="245"><subfield code="6">880-02</subfield><subfield code="a">al-Mar&#700;ah al-&#699;Arabi&#772;yah fi&#772; Ja&#772;hili&#772;yatiha&#772; wa Isla&#772;miha&#772;</subfield><subfield code="h">[electronic resource] /</subfield><subfield code="c">allafahu &#699;Abd Alla&#772;h &#699;Afi&#772;fi&#772;.</subfield></datafield><datafield ind1=" " ind2=" " tag="250"><subfield code="6">880-03</subfield><subfield code="a">Al-t&#803;ab&#699;ah 2.</subfield></datafield><datafield ind1=" " ind2=" " tag="260"><subfield code="6">880-04</subfield><subfield code="a">Mis&#803;r,</subfield><subfield code="b">Mat&#803;ba&#699;at al-Ma&#699;a&#772;rif,</subfield><subfield code="c">1350-52 h., 1932-33 m.</subfield></datafield><datafield ind1=" " ind2=" " tag="300"><subfield code="a">online resource (2 v. in l.)</subfield></datafield><datafield ind1=" " ind2=" " tag="500"><subfield code="a">Part of the Arabic Collections Online (ACO) project, contributed by Columbia University Libraries.</subfield></datafield><datafield ind1=" " ind2=" " tag="533"><subfield code="a">Electronic reproduction.</subfield><subfield code="b">New York, N.Y. :</subfield><subfield code="c">New York University,</subfield><subfield code="d">2015.</subfield><subfield code="5">NNU</subfield></datafield><datafield ind1="2" ind2=" " tag="710"><subfield code="a">Columbia University.</subfield><subfield code="b">Libraries.</subfield></datafield><datafield ind1="0" ind2=" " tag="730"><subfield code="a">Arabic Collections Online.</subfield></datafield><datafield ind1="0" ind2="8" tag="776"><subfield code="i">Print version:</subfield><subfield code="a">&#699;Afi&#772;fi&#772;, &#699;Abd Alla&#772;h.</subfield><subfield code="t">al-Mar&#700;ah al-&#699;Arabi&#772;yah fi&#772; Ja&#772;hili&#772;yatiha&#772; wa Isla&#772;miha&#772;</subfield><subfield code="w">(NNC)3071582</subfield><subfield code="w">(OCoLC)47816563</subfield></datafield><datafield ind1="4" ind2="0" tag="856"><subfield code="u">http://hdl.handle.net/2333.1/j0zpcb3w</subfield></datafield><datafield ind1="1" ind2=" " tag="880"><subfield code="6">100-01/r</subfield><subfield code="a">&#1593;&#1601;&#1610;&#1601;&#1610;&#1548; &#1593;&#1576;&#1583; &#1575;&#1604;&#1604;&#1607;.</subfield></datafield><datafield ind1="1" ind2="2" tag="880"><subfield code="6">245-02/r</subfield><subfield code="a">&#1575;&#1604;&#1605;&#1585;&#1571;&#1577; &#1575;&#1604;&#1593;&#1585;&#1576;&#1610;&#1577; &#1601;&#1610; &#1580;&#1575;&#1607;&#1604;&#1610;&#1578;&#1607;&#1575; &#1608; &#1573;&#1587;&#1604;&#1575;&#1605;&#1607;&#1575; /</subfield><subfield code="c">&#1575;&#1604;&#1601;&#1607; &#1593;&#1576;&#1583; &#1575;&#1604;&#1604;&#1607; &#1593;&#1601;&#1610;&#1601;&#1610;.</subfield></datafield><datafield ind1=" " ind2=" " tag="880"><subfield code="6">250-03/r</subfield><subfield code="a">&#1575;&#1604;&#1591;&#1576;&#1593;&#1577; 2.</subfield></datafield><datafield ind1=" " ind2=" " tag="880"><subfield code="6">260-04/r</subfield><subfield code="a">&#1605;&#1589;&#1585;&#1548;</subfield><subfield code="b">&#1605;&#1591;&#1576;&#1593;&#1577; &#1575;&#1604;&#1605;&#1593;&#1575;&#1585;&#1601;&#1548; 1350-52 h., 1932-33 m.</subfield></datafield><datafield ind1=" " ind2=" " tag="959"><subfield code="a">NNU</subfield><subfield code="b">WEB</subfield><subfield code="c">GENI</subfield><subfield code="t">0</subfield><subfield code="m">Electronic access</subfield><subfield code="s">01</subfield></datafield><datafield ind1=" " ind2=" " tag="999"><subfield code="i">NNC_3071582</subfield><subfield code="o">(OCoLC)47816563</subfield><subfield code="s">columbia_aco000192</subfield></datafield></record>